
@misc{deepai_manifold_2019,
	title = {Manifold {Hypothesis}},
	url = {https://deepai.org/machine-learning-glossary-and-terms/manifold-hypothesis},
	abstract = {The Manifold Hypothesis states that real-world high-dimensional data lie on low-dimensional manifolds embedded within the high-dimensional space.},
	urldate = {2025-04-15},
	journal = {DeepAI},
	month = may,
	year = {2019},
}
